@article{browaeys2020nichenet,
  title={NicheNet: modeling intercellular communication by linking ligands to target genes},
  author={Browaeys, Robin and Saelens, Wouter and Saeys, Yvan},
  journal={Nature methods},
  volume={17},
  number={2},
  pages={159--162},
  year={2020},
  publisher={Nature Publishing Group}
}
@article{efremova2020cellphonedb,
  title={CellPhoneDB: inferring cell--cell communication from combined expression of multi-subunit ligand--receptor complexes},
  author={Efremova, Mirjana and Vento-Tormo, Miquel and Teichmann, Sarah A and Vento-Tormo, Roser},
  journal={Nature protocols},
  volume={15},
  number={4},
  pages={1484--1506},
  year={2020},
  publisher={Nature Publishing Group}
}

@article{salmen2018barcoded,
  title={Barcoded solid-phase RNA capture for Spatial Transcriptomics profiling in mammalian tissue sections},
  author={Salmen, Fredrik and St{\aa}hl, Patrik L and Mollbrink, Annelie and Navarro, Jose Fernandez and Vickovic, Sanja and Frisen, Jonas and Lundeberg, Joakim},
  journal={Nature protocols},
  volume={13},
  number={11},
  pages={2501--2534},
  year={2018},
  publisher={Nature Publishing Group}
}

@article{berglund2018spatial,
  title={Spatial maps of prostate cancer transcriptomes reveal an unexplored landscape of heterogeneity},
  author={Berglund, Emelie and Maaskola, Jonas and Schultz, Niklas and Friedrich, Stefanie and Marklund, Maja and Bergenstr{\aa}hle, Joseph and Tarish, Firas and Tanoglidi, Anna and Vickovic, Sanja and Larsson, Ludvig and others},
  journal={Nature communications},
  volume={9},
  number={1},
  pages={1--13},
  year={2018},
  publisher={Nature Publishing Group}
}

@article{ji2020multimodal,
  title={Multimodal analysis of composition and spatial architecture in human squamous cell carcinoma},
  author={Ji, Andrew L and Rubin, Adam J and Thrane, Kim and Jiang, Sizun and Reynolds, David L and Meyers, Robin M and Guo, Margaret G and George, Benson M and Mollbrink, Annelie and Bergenstr{\aa}hle, Joseph and others},
  journal={Cell},
  volume={182},
  number={2},
  pages={497--514},
  year={2020},
  publisher={Elsevier}
}
@article{moncada2019integrating,
  title={Integrating single-cell RNA-Seq with spatial transcriptomics in pancreatic ductal adenocarcinoma using multimodal intersection analysis},
  author={Moncada, Reuben and Wagner, Florian and Chiodin, Marta and Devlin, Joseph C and Baron, Maayan and Hajdu, Cristina H and Simeone, Diane M and Yanai, Itai},
  journal={BioRxiv},
  pages={254375},
  year={2019},
  publisher={Cold Spring Harbor Laboratory}
}
@article{thrane2018spatially,
  title={Spatially resolved transcriptomics enables dissection of genetic heterogeneity in stage III cutaneous malignant melanoma},
  author={Thrane, Kim and Eriksson, Hanna and Maaskola, Jonas and Hansson, Johan and Lundeberg, Joakim},
  journal={Cancer research},
  volume={78},
  number={20},
  pages={5970--5979},
  year={2018},
  publisher={AACR}
}