@article{bodenmiller2016multiplexed,
  title={Multiplexed epitope-based tissue imaging for discovery and healthcare applications},
  author={Bodenmiller, Bernd},
  journal={Cell systems},
  volume={2},
  number={4},
  pages={225--238},
  year={2016},
  publisher={Elsevier}
}

@article{chattopadhyay2014single,
  title={Single-cell technologies for monitoring immune systems},
  author={Chattopadhyay, Pratip K and Gierahn, Todd M and Roederer, Mario and Love, J Christopher},
  journal={Nature immunology},
  volume={15},
  number={2},
  pages={128--135},
  year={2014},
  publisher={Nature Publishing Group}
}