% ***************************************************
% Bibliography
% ***************************************************
%This example bibliography provides examples of a few different types of references. 
%You should make your own .bib file. You can do this directly from Mendeley, or by exporting a reference of list in BibTex format from your Endnote library, or an online database, etc.

%IMPORTANT: If using Endnote to create your bibliography please ensure you have manually populated the LABEL field of all your references as this is the citation key. This is not done automatically by Endnote, and is required for citing references in LaTeX.

%If you want to make separate Bibliography for each Chapter then you can make separate .bib file for each individual Chapter and call them at the end of that Chapter.tex file.

@incollection{DAVIDSON201541,
title = "Chapter 2 - Gene Regulatory Networks",
editor = "Eric H. Davidson and Isabelle S. Peter",
booktitle = "Genomic Control Process",
publisher = "Academic Press",
address = "Oxford",
pages = "41 - 77",
year = "2015",
isbn = "978-0-12-404729-7",
doi = "https://doi.org/10.1016/B978-0-12-404729-7.00002-2",
url = "http://www.sciencedirect.com/science/article/pii/B9780124047297000022",
author = "Eric H. Davidson and Isabelle S. Peter",
keywords = "Boolean gene expression, -regulatory function, -regulatory occupancy, Dynamics of regulatory cascade, GRN structure, Regulatory DNA looping, Synthesis and turnover transcript dynamics"
}
@article {Levine4936,
	author = {Levine, Michael and Davidson, Eric H.},
	title = {Gene regulatory networks for development},
	volume = {102},
	number = {14},
	pages = {4936--4942},
	year = {2005},
	doi = {10.1073/pnas.0408031102},
	publisher = {National Academy of Sciences},
	issn = {0027-8424},
	URL = {https://www.pnas.org/content/102/14/4936},
	eprint = {https://www.pnas.org/content/102/14/4936.full.pdf},
	journal = {Proceedings of the National Academy of Sciences}
}
@article{iacono2019single,
  title={Single-cell transcriptomics unveils gene regulatory network plasticity},
  author={Iacono, Giovanni and Massoni-Badosa, Ramon and Heyn, Holger},
  journal={Genome biology},
  volume={20},
  number={1},
  pages={110},
  year={2019},
  publisher={Springer}
}

@article{emmert2014gene,
  title={Gene regulatory networks and their applications: understanding biological and medical problems in terms of networks},
  author={Emmert-Streib, Frank and Dehmer, Matthias and Haibe-Kains, Benjamin},
  journal={Frontiers in cell and developmental biology},
  volume={2},
  pages={38},
  year={2014},
  publisher={Frontiers}
}
@article{sporn1985autocrine,
  title={Autocrine growth factors and cancer},
  author={Sporn, Michael B and Roberts, Anita B},
  journal={Nature},
  volume={313},
  number={6005},
  pages={745--747},
  year={1985},
  publisher={Springer}
}
@article{Fiers2018,
    author = {Fiers, Mark W E J and Minnoye, Liesbeth and Aibar, Sara and Bravo González-Blas, Carmen and Kalender Atak, Zeynep and Aerts, Stein},
    title = "{Mapping gene regulatory networks from single-cell omics data}",
    journal = {Briefings in Functional Genomics},
    volume = {17},
    number = {4},
    pages = {246-254},
    year = {2018},
    month = {01},
    issn = {2041-2657},
    doi = {10.1093/bfgp/elx046},
    url = {https://doi.org/10.1093/bfgp/elx046},
    eprint = {https://academic.oup.com/bfg/article-pdf/17/4/246/25244763/elx046.pdf},
}

@article {Moignard2015Decoding,
	Title = {Decoding the regulatory network of early blood development from single-cell gene expression measurements},
	Author = {Moignard, Victoria and Woodhouse, Steven and Haghverdi, Laleh and Lilly, Andrew J and Tanaka, Yosuke and Wilkinson, Adam C and Buettner, Florian and Macaulay, Iain C and Jawaid, Wajid and Diamanti, Evangelia and Nishikawa, Shin-Ichi and Piterman, Nir and Kouskoff, Valerie and Theis, Fabian J and Fisher, Jasmin and Göttgens, Berthold},
	DOI = {10.1038/nbt.3154},
	Number = {3},
	Volume = {33},
	Month = {March},
	Year = {2015},
	Journal = {Nature biotechnology},
	ISSN = {1087-0156},
	Pages = {269—276},
	URL = {https://europepmc.org/articles/PMC4374163},
}

@article{dagogo2018tumour,
  title={Tumour heterogeneity and resistance to cancer therapies},
  author={Dagogo-Jack, Ibiayi and Shaw, Alice T},
  journal={Nature reviews Clinical oncology},
  volume={15},
  number={2},
  pages={81},
  year={2018},
  publisher={Nature Publishing Group}
}

@article{hanahan2000hallmarks,
  title={The hallmarks of cancer},
  author={Hanahan, Douglas and Weinberg, Robert A},
  journal={cell},
  volume={100},
  number={1},
  pages={57--70},
  year={2000},
  publisher={Elsevier}
}

@article {Gentles5961,
	author = {Gentles, Andrew J. and Gallahan, Daniel},
	title = {Systems Biology: Confronting the Complexity of Cancer},
	volume = {71},
	number = {18},
	pages = {5961--5964},
	year = {2011},
	doi = {10.1158/0008-5472.CAN-11-1569},
	publisher = {American Association for Cancer Research},
	issn = {0008-5472},
	URL = {https://cancerres.aacrjournals.org/content/71/18/5961},
	eprint = {https://cancerres.aacrjournals.org/content/71/18/5961.full.pdf},
	journal = {Cancer Research}
}
@article{barabasi2004network,
  title={Network biology: understanding the cell's functional organization},
  author={Barabasi, Albert-Laszlo and Oltvai, Zoltan N},
  journal={Nature reviews genetics},
  volume={5},
  number={2},
  pages={101--113},
  year={2004},
  publisher={Nature Publishing Group}
}

@article{butcher2004systems,
  title={Systems biology in drug discovery},
  author={Butcher, Eugene C and Berg, Ellen L and Kunkel, Eric J},
  journal={Nature biotechnology},
  volume={22},
  number={10},
  pages={1253--1259},
  year={2004},
  publisher={Nature Publishing Group}
}

@article{linde2015data,
  title={Data-and knowledge-based modeling of gene regulatory networks: an update},
  author={Linde, J{\"o}rg and Schulze, Sylvie and Henkel, Sebastian G and Guthke, Reinhard},
  journal={EXCLI journal},
  volume={14},
  pages={346},
  year={2015},
  publisher={Leibniz Research Centre for Working Environment and Human Factors}
}

@article{ahsen2019netfactor,
  title={NeTFactor, a framework for identifying transcriptional regulators of gene expression-based biomarkers},
  author={Ahsen, Mehmet Eren and Chun, Yoojin and Grishin, Alexander and Grishina, Galina and Stolovitzky, Gustavo and Pandey, Gaurav and Bunyavanich, Supinda},
  journal={Scientific reports},
  volume={9},
  number={1},
  pages={1--13},
  year={2019},
  publisher={Nature Publishing Group}
}

@article{barabasi2011network,
  title={Network medicine: a network-based approach to human disease},
  author={Barab{\'a}si, Albert-L{\'a}szl{\'o} and Gulbahce, Natali and Loscalzo, Joseph},
  journal={Nature reviews genetics},
  volume={12},
  number={1},
  pages={56--68},
  year={2011},
  publisher={Nature Publishing Group}
}

@article{wang2011network,
  title={Network-based methods for human disease gene prediction},
  author={Wang, Xiujuan and Gulbahce, Natali and Yu, Haiyuan},
  journal={Briefings in functional genomics},
  volume={10},
  number={5},
  pages={280--293},
  year={2011},
  publisher={Oxford University Press}
}

@article{huang2018systematic,
  title={Systematic evaluation of molecular networks for discovery of disease genes},
  author={Huang, Justin K and Carlin, Daniel E and Yu, Michael Ku and Zhang, Wei and Kreisberg, Jason F and Tamayo, Pablo and Ideker, Trey},
  journal={Cell systems},
  volume={6},
  number={4},
  pages={484--495},
  year={2018},
  publisher={Elsevier}
}

@article{goh2007human,
  title={The human disease network},
  author={Goh, Kwang-Il and Cusick, Michael E and Valle, David and Childs, Barton and Vidal, Marc and Barab{\'a}si, Albert-L{\'a}szl{\'o}},
  journal={Proceedings of the National Academy of Sciences},
  volume={104},
  number={21},
  pages={8685--8690},
  year={2007},
  publisher={National Acad Sciences}
}
@article{khosravi2015comparative,
  title={Comparative analysis of prostate cancer gene regulatory networks via hub type variation},
  author={Khosravi, Pegah and Gazestani, Vahid H and Akbarzadeh, Mohammad and Mirkhalaf, Samira and Sadeghi, Mehdi and Goliaei, Bahram},
  journal={Avicenna journal of medical biotechnology},
  volume={7},
  number={1},
  pages={8},
  year={2015},
  publisher={Avicenna Research Institute}
}
@article{vogelstein2000surfing,
  title={Surfing the p53 network},
  author={Vogelstein, Bert and Lane, David and Levine, Arnold J},
  journal={Nature},
  volume={408},
  number={6810},
  pages={307--310},
  year={2000},
  publisher={Nature Publishing Group}
}

@incollection{JOSHI2017135,
title = "Chapter 8 - Immunofluorescence",
editor = "Morteza Jalali and Francesca Y.L. Saldanha and Mehdi Jalali",
booktitle = "Basic Science Methods for Clinical Researchers",
publisher = "Academic Press",
address = "Boston",
pages = "135 - 150",
year = "2017",
isbn = "978-0-12-803077-6",
doi = "https://doi.org/10.1016/B978-0-12-803077-6.00008-4",
url = "http://www.sciencedirect.com/science/article/pii/B9780128030776000084",
author = "Sonali Joshi and Dihua Yu",
keywords = "Immunofluorescence, antibody, antigen, fluorophore, protein"
}

@article{crosetto2015spatially,
  title={Spatially resolved transcriptomics and beyond},
  author={Crosetto, Nicola and Bienko, Magda and Van Oudenaarden, Alexander},
  journal={Nature Reviews Genetics},
  volume={16},
  number={1},
  pages={57--66},
  year={2015},
  publisher={Nature Publishing Group}
}

@article{rai2017understanding,
  title={Understanding cancer complexome using networks, spectral graph theory and multilayer framework},
  author={Rai, Aparna and Pradhan, Priodyuti and Nagraj, Jyothi and Lohitesh, K and Chowdhury, Rajdeep and Jalan, Sarika},
  journal={Scientific reports},
  volume={7},
  pages={41676},
  year={2017},
  publisher={Nature Publishing Group}
}

@article{fisher2013cancer,
  title={Cancer heterogeneity: implications for targeted therapeutics},
  author={Fisher, R and Pusztai, L and Swanton, C},
  journal={British journal of cancer},
  volume={108},
  number={3},
  pages={479--485},
  year={2013},
  publisher={Nature Publishing Group}
}

@article{xia2004analyzing,
  title={Analyzing cellular biochemistry in terms of molecular networks},
  author={Xia, Yu and Yu, Haiyuan and Jansen, Ronald and Seringhaus, Michael and Baxter, Sarah and Greenbaum, Dov and Zhao, Hongyu and Gerstein, Mark},
  journal={Annual review of biochemistry},
  volume={73},
  number={1},
  pages={1051--1087},
  year={2004},
  publisher={Annual Reviews 4139 El Camino Way, PO Box 10139, Palo Alto, CA 94303-0139, USA}
}

@article{oltvai2002life,
  title={Life's complexity pyramid},
  author={Oltvai, Zolt{\'a}n N and Barab{\'a}si, Albert-L{\'a}szl{\'o}},
  journal={Science},
  volume={298},
  number={5594},
  pages={763--764},
  year={2002},
  publisher={American Association for the Advancement of Science}
}

@article{brucher2014cell,
  title={Cell-cell communication in the tumor microenvironment, carcinogenesis, and anticancer treatment},
  author={Br{\"u}cher, Bj{\"o}rn LDM and Jamall, Ijaz S},
  journal={Cellular Physiology and Biochemistry},
  volume={34},
  number={2},
  pages={213--243},
  year={2014},
  publisher={Karger Publishers}
}

@article{ji2020multimodal,
  title={Multimodal Analysis of Composition and Spatial Architecture in Human Squamous Cell Carcinoma},
  author={Ji, Andrew L and Rubin, Adam J and Thrane, Kim and Jiang, Sizun and Reynolds, David L and Meyers, Robin M and Guo, Margaret G and George, Benson M and Mollbrink, Annelie and Bergenstr{\aa}hle, Joseph and others},
  journal={Cell},
  volume={182},
  number={2},
  pages={497--514},
  year={2020},
  publisher={Elsevier}
}

@article{berglund2018spatial,
  title={Spatial maps of prostate cancer transcriptomes reveal an unexplored landscape of heterogeneity},
  author={Berglund, Emelie and Maaskola, Jonas and Schultz, Niklas and Friedrich, Stefanie and Marklund, Maja and Bergenstr{\aa}hle, Joseph and Tarish, Firas and Tanoglidi, Anna and Vickovic, Sanja and Larsson, Ludvig and others},
  journal={Nature communications},
  volume={9},
  number={1},
  pages={1--13},
  year={2018},
  publisher={Nature Publishing Group}
}

@article{thrane2018spatially,
  title={Spatially resolved transcriptomics enables dissection of genetic heterogeneity in stage III cutaneous malignant melanoma},
  author={Thrane, Kim and Eriksson, Hanna and Maaskola, Jonas and Hansson, Johan and Lundeberg, Joakim},
  journal={Cancer research},
  volume={78},
  number={20},
  pages={5970--5979},
  year={2018},
  publisher={AACR}
}

@article{carlberg2019exploring,
  title={Exploring inflammatory signatures in arthritic joint biopsies with Spatial Transcriptomics},
  author={Carlberg, Konstantin and Korotkova, Marina and Larsson, Ludvig and Catrina, Anca I and St{\aa}hl, Patrik L and Malmstr{\"o}m, Vivianne},
  journal={Scientific reports},
  volume={9},
  number={1},
  pages={1--10},
  year={2019},
  publisher={Nature Publishing Group}
}

@article{yoosuf2020identification,
  title={Identification and transfer of spatial transcriptomics signatures for cancer diagnosis},
  author={Yoosuf, Niyaz and Navarro, Jos{\'e} Fern{\'a}ndez and Salm{\'e}n, Fredrik and St{\aa}hl, Patrik L and Daub, Carsten O},
  journal={Breast Cancer Research},
  volume={22},
  number={1},
  pages={1--10},
  year={2020},
  publisher={Springer}
}
@article{koscielny2010most,
  title={Why most gene expression signatures of tumors have not been useful in the clinic},
  author={Koscielny, Serge},
  journal={Science translational medicine},
  volume={2},
  number={14},
  pages={14ps2--14ps2},
  year={2010},
  publisher={American Association for the Advancement of Science}
}
@book{alberts2018molecular,
  added-at = {2009-06-03T11:20:58.000+0200},
  author = {Alberts, B. and Bray, D. and Lewis, J. and Raff, M. and Roberts, K. and Watson, J.D.},
  biburl = {https://www.bibsonomy.org/bibtex/2b4b73b7568860a064b66c8259bbe0364/hake},
  description = {The whole bibliography file I use.},
  edition = {4th},
  interhash = {9f461caa204502d6eab599206850babd},
  intrahash = {b4b73b7568860a064b66c8259bbe0364},
  keywords = {imported},
  publisher = {Garland},
  timestamp = {2009-06-03T11:20:58.000+0200},
  title = {{Molecular Biology of the Cell}},
  year = 2002
}
@article{schiavoni2013tumor,
  title={The tumor microenvironment: a pitch for multiple players},
  author={Schiavoni, Giovanna and Gabriele, Lucia and Mattei, Fabrizio},
  journal={Frontiers in oncology},
  volume={3},
  pages={90},
  year={2013},
  publisher={Frontiers}
}
@misc{gerdes2013cell,
  title={Cell-to-cell communication: current views and future perspectives},
  author={Gerdes, Hans-Hermann and Pepperkok, Rainer},
  year={2013},
  publisher={Springer}
}
@article{helmchen2005deep,
  title={Deep tissue two-photon microscopy},
  author={Helmchen, Fritjof and Denk, Winfried},
  journal={Nature methods},
  volume={2},
  number={12},
  pages={932--940},
  year={2005},
  publisher={Nature Publishing Group}
}
@book{periasamy2013methods,
  title={Methods in cellular imaging},
  author={Periasamy, Ammasi},
  year={2013},
  publisher={Springer}
}
@article{cang2020inferring,
  title={Inferring spatial and signaling relationships between cells from single cell transcriptomic data},
  author={Cang, Zixuan and Nie, Qing},
  journal={Nature communications},
  volume={11},
  number={1},
  pages={1--13},
  year={2020},
  publisher={Nature Publishing Group}
}
@article{kumar2018analysis,
  title={Analysis of single-cell RNA-seq identifies cell-cell communication associated with tumor characteristics},
  author={Kumar, Manu P and Du, Jinyan and Lagoudas, Georgia and Jiao, Yang and Sawyer, Andrew and Drummond, Daryl C and Lauffenburger, Douglas A and Raue, Andreas},
  journal={Cell reports},
  volume={25},
  number={6},
  pages={1458--1468},
  year={2018},
  publisher={Elsevier}
}
@misc{song2019cell,
  title={Cell--cell communication: old mystery and new opportunity},
  author={Song, Dongli and Yang, Dawei and Powell, Charles A and Wang, Xiangdong},
  year={2019},
  publisher={Springer}
}
@article{moncada2019integrating,
  title={Integrating single-cell RNA-Seq with spatial transcriptomics in pancreatic ductal adenocarcinoma using multimodal intersection analysis},
  author={Moncada, Reuben and Wagner, Florian and Chiodin, Marta and Devlin, Joseph C and Baron, Maayan and Hajdu, Cristina H and Simeone, Diane M and Yanai, Itai},
  journal={BioRxiv},
  pages={254375},
  year={2019},
  publisher={Cold Spring Harbor Laboratory}
}

@article{eichmann1997ligand,
  title={Ligand-dependent development of the endothelial and hemopoietic lineages from embryonic mesodermal cells expressing vascular endothelial growth factor receptor 2},
  author={Eichmann, Anne and Corbel, Catherine and Nataf, Val{\'e}rie and Vaigot, Pierre and Br{\'e}ant, Christiane and Le Douarin, Nicole M},
  journal={Proceedings of the National Academy of Sciences},
  volume={94},
  number={10},
  pages={5141--5146},
  year={1997},
  publisher={National Acad Sciences}
}
@article{gale1996eph,
  title={Eph receptors and ligands comprise two major specificity subclasses and are reciprocally compartmentalized during embryogenesis},
  author={Gale, Nicholas W and Holland, Sacha J and Valenzuela, David M and Flenniken, Ann and Pan, Li and Ryan, Terrence E and Henkemeyer, Mark and Strebhardt, Klaus and Hirai, Hisamaru and Wilkinson, David G and others},
  journal={Neuron},
  volume={17},
  number={1},
  pages={9--19},
  year={1996},
  publisher={Elsevier}
}

@article{teague2016synthetic,
  title={Synthetic morphogenesis},
  author={Teague, Brian P and Guye, Patrick and Weiss, Ron},
  journal={Cold Spring Harbor perspectives in biology},
  volume={8},
  number={9},
  pages={a023929},
  year={2016},
  publisher={Cold Spring Harbor Lab}
}

@article{toda2019engineering,
  title={Engineering cell--cell communication networks: programming multicellular behaviors},
  author={Toda, Satoshi and Frankel, Nicholas W and Lim, Wendell A},
  journal={Current opinion in chemical biology},
  volume={52},
  pages={31--38},
  year={2019},
  publisher={Elsevier}
}
@article{sprinzak2010cis,
  title={Cis-interactions between Notch and Delta generate mutually exclusive signalling states},
  author={Sprinzak, David and Lakhanpal, Amit and LeBon, Lauren and Santat, Leah A and Fontes, Michelle E and Anderson, Graham A and Garcia-Ojalvo, Jordi and Elowitz, Michael B},
  journal={Nature},
  volume={465},
  number={7294},
  pages={86--90},
  year={2010},
  publisher={Nature Publishing Group}
}
@book{cooper2004cell,
  title={The cell: Molecular approach},
  author={Cooper, Geoffrey M and Hausman, Robert E},
  year={2004},
  publisher={Medicinska naklada}
}

@article{huang1998gap,
  title={Gap junction--mediated cell--cell communication modulates mouse neural crest migration},
  author={Huang, GY and Cooper, ES and Waldo, K and Kirby, ML and Gilula, NB and Lo, CW},
  journal={The Journal of cell biology},
  volume={143},
  number={6},
  pages={1725--1734},
  year={1998},
  publisher={The Rockefeller University Press}
}

@book{bartee2018principles,
  title={Principles of Biology},
  author={Lisa, Bartee and Walter, Shriner and Catherine, Creech},
  year={2018},
  publisher={Open Oregon Educational Resources}
}

@article{osswald2013insights,
  title={Insights into cell-to-cell and cell-to-blood-vessel communications in the brain: in vivo multiphoton microscopy},
  author={Osswald, Matthias and Winkler, Frank},
  journal={Cell and tissue research},
  volume={352},
  number={1},
  pages={149--159},
  year={2013},
  publisher={Springer}
}

@article{ortiz2020molecular,
  title={Molecular atlas of the adult mouse brain},
  author={Ortiz, Cantin and Navarro, Jose Fernandez and Jurek, Aleksandra and M{\"a}rtin, Antje and Lundeberg, Joakim and Meletis, Konstantinos},
  journal={Science Advances},
  volume={6},
  number={26},
  pages={eabb3446},
  year={2020},
  publisher={American Association for the Advancement of Science}
}
@article{burgess2019spatial,
  title={Spatial transcriptomics coming of age},
  author={Burgess, Darren J},
  journal={Nature Reviews Genetics},
  volume={20},
  number={6},
  pages={317--317},
  year={2019},
  publisher={Nature Publishing Group}
}

@article{raap1995ultra,
  title={Ultra-sensitive FISH using peroxidase-mediated deposition of biotin-or fluorochrome tyramides},
  author={Raap, AK and Van de Corput, MPC and Vervenne, RAM and Van Gijlswijk, RPM and Tanke, HJ and Wiegant, J},
  journal={Human Molecular Genetics},
  volume={4},
  number={4},
  pages={529--534},
  year={1995},
  publisher={Oxford University Press}
}

@article{de1982cell,
  title={Cell-to-cell communication in heart and other tissues},
  author={De Mello, Walmor C},
  journal={Progress in biophysics and molecular biology},
  volume={39},
  pages={147--182},
  year={1982},
  publisher={Elsevier}
}

@article{loewenstein1967intercellular,
  title={Intercellular communication and tissue growth: I. Cancerous growth},
  author={Loewenstein, Werner R and Kanno, Yoshinobu},
  journal={The Journal of cell biology},
  volume={33},
  number={2},
  pages={225--234},
  year={1967},
  publisher={Rockefeller University Press}
}

@article{bennett1966physiology,
  title={Physiology of electrotonic junctions},
  author={Bennett, MVL},
  journal={Annals of the New York Academy of Sciences},
  volume={137},
  number={2},
  pages={509--539},
  year={1966},
  publisher={Wiley Online Library}
}

@article{penn1966ionic,
  title={Ionic communication between liver cells},
  author={Penn, Richard D},
  journal={The Journal of cell biology},
  volume={29},
  number={1},
  pages={171},
  year={1966},
  publisher={The Rockefeller University Press}
}

@article{gros1983comparative,
  title={Comparative analysis of the gap junction protein from rat heart and liver: is there a tissue specificity of gap junctions?},
  author={Gros, Daniel B and Nicholson, Bruce J and Revel, Jean-Paul},
  journal={Cell},
  volume={35},
  number={2},
  pages={539--549},
  year={1983},
  publisher={Elsevier}
}
@book{lambert2006calcium,
  title={Calcium signaling protocols},
  author={Lambert, David G},
  year={2006},
  publisher={Springer Science \& Business Media}
}
@article{awaji1998real,
  title={Real-time optical monitoring of ligand-mediated internalization of $\alpha$1b-adrenoceptor with green fluorescent protein},
  author={Awaji, Takeo and Hirasawa, Akira and Kataoka, Masakazu and Shinoura, Hitomi and Nakayama, Yasuhisa and Sugawara, Tatsuo and Izumi, Shun-ichiro and Tsujimoto, Gozoh},
  journal={Molecular Endocrinology},
  volume={12},
  number={8},
  pages={1099--1111},
  year={1998},
  publisher={Oxford University Press}
}
@article{go1997quantitative,
  title={Quantitative dynamic multicompartmental analysis of cholecystokinin receptor movement in a living cell using dual fluorophores and reconstruction of confocal images},
  author={Go, William Y and Roettger, Belinda F and Holicky, Eileen L and Hadac, Elizabeth M and Miller, Laurence J},
  journal={Analytical biochemistry},
  volume={247},
  number={2},
  pages={210--215},
  year={1997},
  publisher={Elsevier}
}

@article{maamra1999studies,
  title={Studies with a growth hormone antagonist and dual-fluorescent confocal microscopy demonstrate that the full-length human growth hormone receptor, but not the truncated isoform, is very rapidly internalized independent of Jak2-Stat5 signaling},
  author={Maamra, Mabrouka and Finidori, Joelle and Von Laue, Sigward and Simon, Sylvie and Justice, Sue and Webster, Jonathan and Dower, Steven and Ross, Richard},
  journal={Journal of Biological Chemistry},
  volume={274},
  number={21},
  pages={14791--14798},
  year={1999},
  publisher={ASBMB}
}
@article{sneddon2003activation,
  title={Activation-independent parathyroid hormone receptor internalization is regulated by NHERF1 (EBP50)},
  author={Sneddon, W Bruce and Syme, Colin A and Bisello, Alessandro and Magyar, Clara E and Rochdi, Moulay Driss and Parent, Jean-Luc and Weinman, Edward J and Abou-Samra, Abdul B and Friedman, Peter A},
  journal={Journal of Biological Chemistry},
  volume={278},
  number={44},
  pages={43787--43796},
  year={2003},
  publisher={ASBMB}
}
@article{bohme2009illuminating,
  title={Illuminating the life of GPCRs},
  author={B{\"o}hme, Ilka and Beck-Sickinger, Annette G},
  journal={Cell Communication and Signaling},
  volume={7},
  number={1},
  pages={16},
  year={2009},
  publisher={Springer}
}
@article{loewenstein1966permeability,
  title={Permeability of membrane junctions},
  author={Loewenstein, Werner R},
  journal={Annals of the New York Academy of Sciences},
  volume={137},
  number={2},
  pages={441--472},
  year={1966},
  publisher={Wiley Online Library}
}
@article{loewenstein1974cellular,
  title={Cellular communication by permeable membrane junctions},
  author={Loewenstein, Werner R},
  journal={Hospital Practice},
  volume={9},
  number={11},
  pages={113--122},
  year={1974},
  publisher={Taylor \& Francis}
}

@article{loewenstein1966intercellular,
  title={Intercellular communication and the control of tissue growth: lack of communication between cancer cells},
  author={Loewenstein, Wo R and Kanno, Y},
  journal={Nature},
  volume={209},
  number={5029},
  pages={1248--1249},
  year={1966},
  publisher={Springer}
}
@article{dobosz2019intriguing,
  title={The intriguing history of cancer immunotherapy},
  author={Dobosz, Paula and Dzieciatkowski, Tomasz},
  journal={Frontiers in Immunology},
  volume={10},
  pages={2965},
  year={2019},
  publisher={Frontiers}
}
@article{ott2017combination,
  title={Combination immunotherapy: a road map},
  author={Ott, Patrick A and Hodi, F Stephen and Kaufman, Howard L and Wigginton, Jon M and Wolchok, Jedd D},
  journal={Journal for immunotherapy of cancer},
  volume={5},
  number={1},
  pages={16},
  year={2017},
  publisher={Springer}
}
@article{naidoo2015toxicities,
  title={Toxicities of the anti-PD-1 and anti-PD-L1 immune checkpoint antibodies},
  author={Naidoo, Jarushka and Page, DB and Li, BT and Connell, LC and Schindler, K and Lacouture, ME and Postow, MA and Wolchok, JD},
  journal={Annals of Oncology},
  volume={26},
  number={12},
  pages={2375--2391},
  year={2015},
  publisher={Oxford University Press}
}
@article{bertrand2015immune,
  title={Immune related adverse events associated with anti-CTLA-4 antibodies: systematic review and meta-analysis},
  author={Bertrand, Anne and Kostine, Marie and Barnetche, Thomas and Truchetet, Marie-Elise and Schaeverbeke, Thierry},
  journal={BMC medicine},
  volume={13},
  number={1},
  pages={211},
  year={2015},
  publisher={Springer}
}

@incollection{joshi2017immunofluorescence,
  title={Immunofluorescence},
  author={Joshi, Sonali and Yu, Dihua},
  booktitle={Basic Science Methods for Clinical Researchers},
  pages={135--150},
  year={2017},
  publisher={Elsevier}
}
@article{white1999genetic,
  title={Genetic diseases and gene knockouts reveal diverse connexin functions},
  author={White, Thomas W and Paul, David L},
  journal={Annual review of physiology},
  volume={61},
  number={1},
  pages={283--310},
  year={1999},
  publisher={Annual Reviews 4139 El Camino Way, PO Box 10139, Palo Alto, CA 94303-0139, USA}
}

@article{vinken2006connexins,
  title={Connexins and their channels in cell growth and cell death},
  author={Vinken, Mathieu and Vanhaecke, Tamara and Papeleu, Peggy and Snykers, Sarah and Henkens, Tom and Rogiers, Vera},
  journal={Cellular signalling},
  volume={18},
  number={5},
  pages={592--600},
  year={2006},
  publisher={Elsevier}
}

@article{salwinski2004database,
  title={The database of interacting proteins: 2004 update},
  author={Salwinski, Lukasz and Miller, Christopher S and Smith, Adam J and Pettit, Frank K and Bowie, James U and Eisenberg, David},
  journal={Nucleic acids research},
  volume={32},
  number={suppl\_1},
  pages={D449--D451},
  year={2004},
  publisher={Oxford University Press}
}
@article{orchard2012protein,
  title={Protein interaction data curation: the International Molecular Exchange (IMEx) consortium},
  author={Orchard, Sandra and Kerrien, Samuel and Abbani, Sara and Aranda, Bruno and Bhate, Jignesh and Bidwell, Shelby and Bridge, Alan and Briganti, Leonardo and Brinkman, Fiona SL and Cesareni, Gianni and others},
  journal={Nature methods},
  volume={9},
  number={4},
  pages={345--350},
  year={2012},
  publisher={Nature Publishing Group}
}
@article{kanehisa2007kegg,
  title={KEGG for linking genomes to life and the environment},
  author={Kanehisa, Minoru and Araki, Michihiro and Goto, Susumu and Hattori, Masahiro and Hirakawa, Mika and Itoh, Masumi and Katayama, Toshiaki and Kawashima, Shuichi and Okuda, Shujiro and Tokimatsu, Toshiaki and others},
  journal={Nucleic acids research},
  volume={36},
  number={suppl\_1},
  pages={D480--D484},
  year={2007},
  publisher={Oxford University Press}
}
@book{ducheyne2015comprehensive,
  title={Comprehensive biomaterials},
  author={Ducheyne, Paul},
  volume={1},
  year={2015},
  publisher={Elsevier}
}
@book{rupprecht2015current,
  title={Current Laboratory Techniques in Rabies Diagnosis, Research and Prevention, Volume 2},
  author={Rupprecht, Charles and Nagarajan, Thirumeni},
  volume={2},
  year={2015},
  publisher={Academic Press}
}
@article{clark2015modes,
  title={Modes of cancer cell invasion and the role of the microenvironment},
  author={Clark, Andrew G and Vignjevic, Danijela Matic},
  journal={Current opinion in cell biology},
  volume={36},
  pages={13--22},
  year={2015},
  publisher={Elsevier}
}
@article{friedl2011cancer,
  title={Cancer invasion and the microenvironment: plasticity and reciprocity},
  author={Friedl, Peter and Alexander, Stephanie},
  journal={Cell},
  volume={147},
  number={5},
  pages={992--1009},
  year={2011},
  publisher={Elsevier}
}
@article{friedl2012classifying,
  title={Classifying collective cancer cell invasion},
  author={Friedl, Peter and Locker, Joseph and Sahai, Erik and Segall, Jeffrey E},
  journal={Nature cell biology},
  volume={14},
  number={8},
  pages={777--783},
  year={2012},
  publisher={Nature Publishing Group}
}
@article{canel2013cadherin,
  title={E-cadherin--integrin crosstalk in cancer invasion and metastasis},
  author={Canel, Marta and Serrels, Alan and Frame, Margaret C and Brunton, Valerie G},
  journal={Journal of cell science},
  volume={126},
  number={2},
  pages={393--401},
  year={2013},
  publisher={The Company of Biologists Ltd}
}
@article{almendro2013cellular,
  title={Cellular heterogeneity and molecular evolution in cancer},
  author={Almendro, Vanessa and Marusyk, Andriy and Polyak, Kornelia},
  journal={Annual Review of Pathology: Mechanisms of Disease},
  volume={8},
  pages={277--302},
  year={2013},
  publisher={Annual Reviews}
}
@article{roussos2011chemotaxis,
  title={Chemotaxis in cancer},
  author={Roussos, Evanthia T and Condeelis, John S and Patsialou, Antonia},
  journal={Nature Reviews Cancer},
  volume={11},
  number={8},
  pages={573--587},
  year={2011},
  publisher={Nature Publishing Group}
}

@article{zervantonakis2012three,
  title={Three-dimensional microfluidic model for tumor cell intravasation and endothelial barrier function},
  author={Zervantonakis, Ioannis K and Hughes-Alford, Shannon K and Charest, Joseph L and Condeelis, John S and Gertler, Frank B and Kamm, Roger D},
  journal={Proceedings of the National Academy of Sciences},
  volume={109},
  number={34},
  pages={13515--13520},
  year={2012},
  publisher={National Acad Sciences}
}
@book{hayat2005handbook,
  title={Handbook of Immunohistochemistry and in Situ Hybridization of Human Carcinomas: Molecular pathology, colorectal carcinoma, and prostate carcinoma},
  author={Hayat, M Arif},
  volume={2},
  year={2005},
  publisher={Elsevier}
}
@article{trisnadi2013image,
  title={Image analysis and empirical modeling of gene and protein expression},
  author={Trisnadi, Nathanie and Altinok, Alphan and Stathopoulos, Angelike and Reeves, Gregory T},
  journal={Methods},
  volume={62},
  number={1},
  pages={68--78},
  year={2013},
  publisher={Elsevier}
}
@article{ramel2013ventral,
  title={The ventral to dorsal BMP activity gradient in the early zebrafish embryo is determined by graded expression of BMP ligands},
  author={Ramel, Marie-Christine and Hill, Caroline S},
  journal={Developmental biology},
  volume={378},
  number={2},
  pages={170--182},
  year={2013},
  publisher={Elsevier}
}
@article{salomon2020genomic,
  title={Genomic Cytometry and New Modalities for Deep Single-Cell Interrogation},
  author={Salomon, Robert and Martelotto, Luciano and Valdes-Mora, Fatima and Gallego-Ortega, David},
  journal={Cytometry Part A},
  year={2020},
  publisher={Wiley Online Library}
}
✕
@article{pages2010immune,
  title={Immune infiltration in human tumors: a prognostic factor that should not be ignored},
  author={Pages, F and Galon, J and Dieu-Nosjean, MC and Tartour, E and Sautes-Fridman, C and Fridman, WH},
  journal={Oncogene},
  volume={29},
  number={8},
  pages={1093--1102},
  year={2010},
  publisher={Nature Publishing Group}
}

@article{marusyk2012intra,
  title={Intra-tumour heterogeneity: a looking glass for cancer?},
  author={Marusyk, Andriy and Almendro, Vanessa and Polyak, Kornelia},
  journal={Nature Reviews Cancer},
  volume={12},
  number={5},
  pages={323--334},
  year={2012},
  publisher={Nature Publishing Group}
}
@article{bedard2013tumour,
  title={Tumour heterogeneity in the clinic},
  author={Bedard, Philippe L and Hansen, Aaron R and Ratain, Mark J and Siu, Lillian L},
  journal={Nature},
  volume={501},
  number={7467},
  pages={355--364},
  year={2013},
  publisher={Nature Publishing Group}
}
@article{wang2017role,
  title={Role of tumor microenvironment in tumorigenesis},
  author={Wang, Maonan and Zhao, Jingzhou and Zhang, Lishen and Wei, Fang and Lian, Yu and Wu, Yingfeng and Gong, Zhaojian and Zhang, Shanshan and Zhou, Jianda and Cao, Ke and others},
  journal={Journal of Cancer},
  volume={8},
  number={5},
  pages={761},
  year={2017},
  publisher={Ivyspring International Publisher}
}
@article{davis2007molecular,
  title={Molecular targets for nutritional preemption of cancer},
  author={Davis, Cindy D and Milner, John A},
  journal={Current cancer drug targets},
  volume={7},
  number={5},
  pages={410--415},
  year={2007},
  publisher={Bentham Science Publishers}
}
@article{bronkhorst2011detection,
  title={Detection of M2-macrophages in uveal melanoma and relation with survival},
  author={Bronkhorst, Inge HG and Ly, Long V and Jordanova, Ekaterina S and Vrolijk, Johannes and Versluis, Mieke and Luyten, Gregorius PM and Jager, Martine J},
  journal={Investigative ophthalmology \& visual science},
  volume={52},
  number={2},
  pages={643--650},
  year={2011},
  publisher={The Association for Research in Vision and Ophthalmology}
}
@article{ly2010aged,
  title={In aged mice, outgrowth of intraocular melanoma depends on proangiogenic M2-type macrophages},
  author={Ly, Long V and Baghat, Aabed and Versluis, Mieke and Jordanova, Ekaterina S and Luyten, Gregorius PM and van Rooijen, Nico and van Hall, Thorbald and van der Velden, Pieter A and Jager, Martine J},
  journal={The Journal of Immunology},
  volume={185},
  number={6},
  pages={3481--3488},
  year={2010},
  publisher={Am Assoc Immnol}
}

@article{giampieri2009localized,
  title={Localized and reversible TGF$\beta$ signalling switches breast cancer cells from cohesive to single cell motility},
  author={Giampieri, Silvia and Manning, Cerys and Hooper, Steven and Jones, Louise and Hill, Caroline S and Sahai, Erik},
  journal={Nature cell biology},
  volume={11},
  number={11},
  pages={1287--1296},
  year={2009},
  publisher={Nature Publishing Group}
}
@article{ilina2009mechanisms,
  title={Mechanisms of collective cell migration at a glance},
  author={Ilina, Olga and Friedl, Peter},
  journal={Journal of cell science},
  volume={122},
  number={18},
  pages={3203--3208},
  year={2009},
  publisher={The Company of Biologists Ltd}
}
@article{wyckoff2007direct,
  title={Direct visualization of macrophage-assisted tumor cell intravasation in mammary tumors},
  author={Wyckoff, Jeffrey B and Wang, Yarong and Lin, Elaine Y and Li, Jiu-feng and Goswami, Sumanta and Stanley, E Richard and Segall, Jeffrey E and Pollard, Jeffrey W and Condeelis, John},
  journal={Cancer research},
  volume={67},
  number={6},
  pages={2649--2656},
  year={2007},
  publisher={AACR}
}
@article{efremova2020cellphonedb,
  title={CellPhoneDB: inferring cell--cell communication from combined expression of multi-subunit ligand--receptor complexes},
  author={Efremova, Mirjana and Vento-Tormo, Miquel and Teichmann, Sarah A and Vento-Tormo, Roser},
  journal={Nature protocols},
  volume={15},
  number={4},
  pages={1484--1506},
  year={2020},
  publisher={Nature Publishing Group}
}
@article{browaeys2020nichenet,
  title={NicheNet: modeling intercellular communication by linking ligands to target genes},
  author={Browaeys, Robin and Saelens, Wouter and Saeys, Yvan},
  journal={Nature methods},
  volume={17},
  number={2},
  pages={159--162},
  year={2020},
  publisher={Nature Publishing Group}
}
@article{cabello2020singlecellsignalr,
  title={SingleCellSignalR: inference of intercellular networks from single-cell transcriptomics},
  author={Cabello-Aguilar, Simon and Alame, M{\'e}lissa and Kon-Sun-Tack, Fabien and Fau, Caroline and Lacroix, Matthieu and Colinge, Jacques},
  journal={Nucleic acids research},
  volume={48},
  number={10},
  pages={e55--e55},
  year={2020},
  publisher={Oxford University Press}
}
@article{jin2020inference,
  title={Inference and analysis of cell-cell communication using CellChat},
  author={Jin, Suoqin and Guerrero-Juarez, Christian F and Zhang, Lihua and Chang, Ivan and Myung, Peggy and Plikus, Maksim V and Nie, Qing},
  journal={bioRxiv},
  year={2020},
  publisher={Cold Spring Harbor Laboratory}
}
@article{wang2019italk,
  title={iTALK: an R Package to characterize and illustrate intercellular communication},
  author={Wang, Yuanxin and Wang, Ruiping and Zhang, Shaojun and Song, Shumei and Jiang, Changying and Han, Guangchun and Wang, Michael and Ajani, Jaffer and Futreal, Andy and Wang, Linghua},
  journal={bioRxiv},
  pages={507871},
  year={2019},
  publisher={Cold Spring Harbor Laboratory}
}

@article{west2019cellular,
  title={Cellular interactions constrain tumor growth},
  author={West, Jeffrey and Newton, Paul K},
  journal={Proceedings of the National Academy of Sciences},
  volume={116},
  number={6},
  pages={1918--1923},
  year={2019},
  publisher={National Acad Sciences}
}
@article{liotta2001microenvironment,
  title={The microenvironment of the tumour--host interface},
  author={Liotta, Lance A and Kohn, Elise C},
  journal={Nature},
  volume={411},
  number={6835},
  pages={375--379},
  year={2001},
  publisher={Nature Publishing Group}
}
@article{anderson2006tumor,
  title={Tumor morphology and phenotypic evolution driven by selective pressure from the microenvironment},
  author={Anderson, Alexander RA and Weaver, Alissa M and Cummings, Peter T and Quaranta, Vito},
  journal={Cell},
  volume={127},
  number={5},
  pages={905--915},
  year={2006},
  publisher={Elsevier}
}
@article{de2020unraveling,
  title={Unraveling the Complexity of the Cancer Microenvironment With Multidimensional Genomic and Cytometric Technologies},
  author={de Vries, Natasja L and Mahfouz, Ahmed and Koning, Frits and de Miranda, Noel FCC},
  journal={Frontiers in oncology},
  volume={10},
  pages={1254},
  year={2020},
  publisher={Frontiers}
}
@article{coons1941immunological,
  title={Immunological properties of an antibody containing a fluorescent group.},
  author={Coons, Albert H and Creech, Hugh J and Jones, R Norman},
  journal={Proceedings of the society for experimental biology and medicine},
  volume={47},
  number={2},
  pages={200--202},
  year={1941},
  publisher={SAGE Publications Sage UK: London, England}
}

@book{corthell2014basic,
  title={Basic Molecular Protocols in Neuroscience: Tips, Tricks, and Pitfalls},
  author={Corthell, John T},
  year={2014},
  publisher={Academic Press}
}
@incollection{BOURGEOIS2014132,
title = "Chapter 12 - Laboratory Diagnosis of Viral Infections",
editor = "Debra C. Sellon and Maureen T. Long",
booktitle = "Equine Infectious Diseases (Second Edition)",
publisher = "W.B. Saunders",
edition = "Second Edition",
address = "St. Louis",
pages = "132 - 140.e2",
year = "2014",
isbn = "978-1-4557-0891-8",
doi = "https://doi.org/10.1016/B978-1-4557-0891-8.00012-9",
url = "http://www.sciencedirect.com/science/article/pii/B9781455708918000129",
author = "Melissa Ann Bourgeois and J. Lindsay Oaks"
}

@article{seidal2001interpretation,
  title={Interpretation and quantification of immunostains},
  author={Seidal, Tomas and Balaton, Andre J and Battifora, Hector},
  journal={The American journal of surgical pathology},
  volume={25},
  number={9},
  pages={1204--1207},
  year={2001},
  publisher={LWW}
}
@article{de2010immunohistochemistry,
  title={Immunohistochemistry as an important tool in biomarkers detection and clinical practice},
  author={De Matos, Leandro Luongo and Trufelli, Damila Cristina and De Matos, Maria Graciela Luongo and da Silva Pinhal, Maria Aparecida},
  journal={Biomarker insights},
  volume={5},
  pages={BMI--S2185},
  year={2010},
  publisher={SAGE Publications Sage UK: London, England}
}
@article{jensen1997immunohistochemistry,
  title={Immunohistochemistry in Tumor Diagnosis: External Quality Assessment of 13 Departments of Pathology in Western Denmark},
  author={Jensen, Marianne and Nielsen, Ole and Johansen, Preben and Clausen, Per},
  journal={Applied Immunohistochemistry},
  volume={5},
  number={1},
  pages={35--44},
  year={1997}
}
@book{dabbs2017diagnostic,
  title={Diagnostic Immunohistochemistry E-Book: Theranostic and Genomic Applications},
  author={Dabbs, David J},
  year={2017},
  publisher={Elsevier Health Sciences}
}
@article{Connor2008natureEdu,
  title={Fluorescence in Situ Hybridization (FISH)},
  author={Connor, O},
  pages={171},
  volume={1},
  journal={Nature Education},
  publisher={Springer},
  year={2008}
}
✕
@article{rudkin1977high,
  title={High resolution detection of DNA--RNA hybrids in situ by indirect immunofluorescence},
  author={Rudkin, George T and Stollar, BD},
  journal={Nature},
  volume={265},
  number={5593},
  pages={472--473},
  year={1977},
  publisher={Nature Publishing Group}
}
@article{gulley2001molecular,
  title={Molecular diagnosis of Epstein-Barr virus-related diseases},
  author={Gulley, Margaret L},
  journal={The Journal of molecular diagnostics},
  volume={3},
  number={1},
  pages={1--10},
  year={2001},
  publisher={Elsevier}
}

@article{wang2012rnascope,
  title={RNAscope: a novel in situ RNA analysis platform for formalin-fixed, paraffin-embedded tissues},
  author={Wang, Fay and Flanagan, John and Su, Nan and Wang, Li-Chong and Bui, Son and Nielson, Allissa and Wu, Xingyong and Vo, Hong-Thuy and Ma, Xiao-Jun and Luo, Yuling},
  journal={The Journal of molecular diagnostics},
  volume={14},
  number={1},
  pages={22--29},
  year={2012},
  publisher={Elsevier}
}
@article{asp2020spatially,
  title={Spatially Resolved Transcriptomes—Next Generation Tools for Tissue Exploration},
  author={Asp, Michaela and Bergenstr{\aa}hle, Joseph and Lundeberg, Joakim},
  journal={BioEssays},
  pages={1900221},
  year={2020},
  publisher={Wiley Online Library}
}

@article{qian2003recent,
  title={Recent developments in signal amplification methods for in situ hybridization},
  author={Qian, Xiang and Lloyd, Ricardo V},
  journal={Diagnostic Molecular Pathology},
  volume={12},
  number={1},
  pages={1--13},
  year={2003},
  publisher={LWW}
}
@article{teichmann2020method,
  title={Method of the Year 2019: single-cell multimodal omics},
  author={Teichmann, Sarah and Efremova, Mirjana},
  journal={Nat. Methods},
  volume={17},
  number={1},
  year={2020}
}
@article{levsky2003fluorescence,
  title={Fluorescence in situ hybridization: past, present and future},
  author={Levsky, Jeffrey M and Singer, Robert H},
  journal={Journal of cell science},
  volume={116},
  number={14},
  pages={2833--2838},
  year={2003},
  publisher={The Company of Biologists Ltd}
}

@article{weinstein2019dna,
  title={DNA microscopy: Optics-free spatio-genetic imaging by a stand-alone chemical reaction},
  author={Weinstein, Joshua A and Regev, Aviv and Zhang, Feng},
  journal={Cell},
  volume={178},
  number={1},
  pages={229--241},
  year={2019},
  publisher={Elsevier}
}
@article{solanki2020visualization,
  title={Visualization of spatial gene expression in plants by modified RNAscope fluorescent in situ hybridization},
  author={Solanki, Shyam and Ameen, Gazala and Zhao, Jin and Flaten, Jordan and Borowicz, Pawel and Brueggeman, Robert S},
  journal={Plant Methods},
  volume={16},
  pages={1--9},
  year={2020},
  publisher={Springer}
}
@article{schapiro2017histocat,
  title={histoCAT: analysis of cell phenotypes and interactions in multiplex image cytometry data},
  author={Schapiro, Denis and Jackson, Hartland W and Raghuraman, Swetha and Fischer, Jana R and Zanotelli, Vito RT and Schulz, Daniel and Giesen, Charlotte and Catena, Ra{\'u}l and Varga, Zsuzsanna and Bodenmiller, Bernd},
  journal={Nature methods},
  volume={14},
  number={9},
  pages={873},
  year={2017},
  publisher={Nature Publishing Group}
}
@article{hou2020predicting,
  title={Predicting cell-to-cell communication networks using NATMI},
  author={Hou, Rui and Denisenko, Elena and Ong, Huan Ting and Ramilowski, Jordan A and Forrest, Alistair RR},
  journal={Nature Communications},
  volume={11},
  number={1},
  pages={1--11},
  year={2020},
  publisher={Nature Publishing Group}
}
@article{guillonneau2017immunoregulatory,
  title={Immunoregulatory properties of the cytokine IL-34},
  author={Guillonneau, Carole and B{\'e}zie, S{\'e}verine and Anegon, Ignacio},
  journal={Cellular and Molecular Life Sciences},
  volume={74},
  number={14},
  pages={2569--2586},
  year={2017},
  publisher={Springer}
}
@article{wetzel2004human,
  title={Human Thy-1 (CD90) on activated endothelial cells is a counterreceptor for the leukocyte integrin Mac-1 (CD11b/CD18)},
  author={Wetzel, Anne and Chavakis, Triantafyllos and Preissner, Klaus T and Sticherling, Michael and Haustein, Uwe-Frithjof and Anderegg, Ulf and Saalbach, Anja},
  journal={The Journal of Immunology},
  volume={172},
  number={6},
  pages={3850--3859},
  year={2004},
  publisher={Am Assoc Immnol}
}
@article{lung2005thy1,
  title={THY1 is a candidate tumour suppressor gene with decreased expression in metastatic nasopharyngeal carcinoma},
  author={Lung, Hong Lok and Bangarusamy, Dhinoth Kumar and Xie, Dan and Cheung, Arthur Kwok Leung and Cheng, Yue and Kumaran, Mande Kuppusamy and Miller, Lance and Liu, Edison Tak-Bun and Guan, Xin-Yuan and Sham, Jonathan Shuntong and others},
  journal={Oncogene},
  volume={24},
  number={43},
  pages={6525--6532},
  year={2005},
  publisher={Nature Publishing Group}
}
@article{ke2013situ,
  title={In situ sequencing for RNA analysis in preserved tissue and cells},
  author={Ke, Rongqin and Mignardi, Marco and Pacureanu, Alexandra and Svedlund, Jessica and Botling, Johan and W{\"a}hlby, Carolina and Nilsson, Mats},
  journal={Nature methods},
  volume={10},
  number={9},
  pages={857--860},
  year={2013},
  publisher={Nature Publishing Group}
}
@misc{hernandez2019mapping,
  title={Mapping brain cell types with CARTANA in situ sequencing on the Nikon Ti2-E microscope},
  author={Hernandez, Ivan and Qian, Xiaoyan and Lalakova, Jana and Verheyen, Toon and Hilscher, Markus and Kuhnemund, Malte},
  year={2019},
  publisher={NATURE PUBLISHING GROUP MACMILLAN BUILDING, 4 CRINAN ST, LONDON N1 9XW, ENGLAND}
}
@article{chen2018efficient,
  title={Efficient in situ barcode sequencing using padlock probe-based BaristaSeq},
  author={Chen, Xiaoyin and Sun, Yu-Chi and Church, George M and Lee, Je Hyuk and Zador, Anthony M},
  journal={Nucleic acids research},
  volume={46},
  number={4},
  pages={e22--e22},
  year={2018},
  publisher={Oxford University Press}
}
@article{wang2018three,
  title={Three-dimensional intact-tissue sequencing of single-cell transcriptional states},
  author={Wang, Xiao and Allen, William E and Wright, Matthew A and Sylwestrak, Emily L and Samusik, Nikolay and Vesuna, Sam and Evans, Kathryn and Liu, Cindy and Ramakrishnan, Charu and Liu, Jia and others},
  journal={Science},
  volume={361},
  number={6400},
  year={2018},
  publisher={American Association for the Advancement of Science}
}
@article{beck2011systematic,
  title={Systematic analysis of breast cancer morphology uncovers stromal features associated with survival},
  author={Beck, Andrew H and Sangoi, Ankur R and Leung, Samuel and Marinelli, Robert J and Nielsen, Torsten O and Van De Vijver, Marc J and West, Robert B and Van De Rijn, Matt and Koller, Daphne},
  journal={Science translational medicine},
  volume={3},
  number={108},
  pages={108ra113--108ra113},
  year={2011},
  publisher={American Association for the Advancement of Science}
}
@article{amir2013visne,
  title={viSNE enables visualization of high dimensional single-cell data and reveals phenotypic heterogeneity of leukemia},
  author={Amir, El-ad David and Davis, Kara L and Tadmor, Michelle D and Simonds, Erin F and Levine, Jacob H and Bendall, Sean C and Shenfeld, Daniel K and Krishnaswamy, Smita and Nolan, Garry P and Pe'er, Dana},
  journal={Nature biotechnology},
  volume={31},
  number={6},
  pages={545--552},
  year={2013},
  publisher={Nature Publishing Group}
}
@article{carpenter2006cellprofiler,
  title={CellProfiler: image analysis software for identifying and quantifying cell phenotypes},
  author={Carpenter, Anne E and Jones, Thouis R and Lamprecht, Michael R and Clarke, Colin and Kang, In Han and Friman, Ola and Guertin, David A and Chang, Joo Han and Lindquist, Robert A and Moffat, Jason and others},
  journal={Genome biology},
  volume={7},
  number={10},
  pages={R100},
  year={2006},
  publisher={Springer}
}
@article{berg2019ilastik,
  title={Ilastik: interactive machine learning for (bio) image analysis},
  author={Berg, Stuart and Kutra, Dominik and Kroeger, Thorben and Straehle, Christoph N and Kausler, Bernhard X and Haubold, Carsten and Schiegg, Martin and Ales, Janez and Beier, Thorsten and Rudy, Markus and others},
  journal={Nature Methods},
  pages={1--7},
  year={2019},
  publisher={Nature Publishing Group}
}

@article{staahl2016visualization,
  title={Visualization and analysis of gene expression in tissue sections by spatial transcriptomics},
  author={St{\aa}hl, Patrik L and Salm{\'e}n, Fredrik and Vickovic, Sanja and Lundmark, Anna and Navarro, Jos{\'e} Fern{\'a}ndez and Magnusson, Jens and Giacomello, Stefania and Asp, Michaela and Westholm, Jakub O and Huss, Mikael and others},
  journal={Science},
  volume={353},
  number={6294},
  pages={78--82},
  year={2016},
  publisher={American Association for the Advancement of Science}
}
@article{whiteside2008tumor,
  title={The tumor microenvironment and its role in promoting tumor growth},
  author={Whiteside, TL},
  journal={Oncogene},
  volume={27},
  number={45},
  pages={5904--5912},
  year={2008},
  publisher={Nature Publishing Group}
}

@article{lundberg2019spatial,
  title={Spatial proteomics: a powerful discovery tool for cell biology},
  author={Lundberg, Emma and Borner, Georg HH},
  journal={Nature Reviews Molecular Cell Biology},
  volume={20},
  number={5},
  pages={285--302},
  year={2019},
  publisher={Nature Publishing Group}
}
@article{he2020integrating,
  title={Integrating spatial gene expression and breast tumour morphology via deep learning},
  author={He, Bryan and Bergenstr{\aa}hle, Ludvig and Stenbeck, Linnea and Abid, Abubakar and Andersson, Alma and Borg, {\AA}ke and Maaskola, Jonas and Lundeberg, Joakim and Zou, James},
  journal={Nature biomedical engineering},
  pages={1--8},
  year={2020},
  publisher={Nature Publishing Group}
}
@article{tan2019spacell,
  title={SpaCell: integrating tissue morphology and spatial gene expression to predict disease cells},
  author={Tan, Xiao and Su, Andrew and Tran, Minh and Nguyen, Quan},
  journal={Bioinformatics},
  volume={36},
  number={7},
  pages={2293--2294},
  year={2019},
  publisher={Oxford University Press}
}
@article{zhang2014proteogenomic,
  title={Proteogenomic characterization of human colon and rectal cancer},
  author={Zhang, Bing and Wang, Jing and Wang, Xiaojing and Zhu, Jing and Liu, Qi and Shi, Zhiao and Chambers, Matthew C and Zimmerman, Lisa J and Shaddox, Kent F and Kim, Sangtae and others},
  journal={Nature},
  volume={513},
  number={7518},
  pages={382--387},
  year={2014},
  publisher={Nature Publishing Group}
}

@article{schulz2018simultaneous,
  title={Simultaneous multiplexed imaging of mRNA and proteins with subcellular resolution in breast cancer tissue samples by mass cytometry},
  author={Schulz, Daniel and Zanotelli, Vito Riccardo Tomaso and Fischer, Jana Raja and Schapiro, Denis and Engler, Stefanie and Lun, Xiao-Kang and Jackson, Hartland Warren and Bodenmiller, Bernd},
  journal={Cell systems},
  volume={6},
  number={1},
  pages={25--36},
  year={2018},
  publisher={Elsevier}
}
@article{bodenmiller2016multiplexed,
  title={Multiplexed epitope-based tissue imaging for discovery and healthcare applications},
  author={Bodenmiller, Bernd},
  journal={Cell systems},
  volume={2},
  number={4},
  pages={225--238},
  year={2016},
  publisher={Elsevier}
}
@article{caprioli1997molecular,
  title={Molecular imaging of biological samples: localization of peptides and proteins using MALDI-TOF MS},
  author={Caprioli, Richard M and Farmer, Terry B and Gile, Jocelyn},
  journal={Analytical chemistry},
  volume={69},
  number={23},
  pages={4751--4760},
  year={1997},
  publisher={ACS Publications}
}
@article{helmink2020b,
  title={B cells and tertiary lymphoid structures promote immunotherapy response},
  author={Helmink, Beth A and Reddy, Sangeetha M and Gao, Jianjun and Zhang, Shaojun and Basar, Rafet and Thakur, Rohit and Yizhak, Keren and Sade-Feldman, Moshe and Blando, Jorge and Han, Guangchun and others},
  journal={Nature},
  volume={577},
  number={7791},
  pages={549--555},
  year={2020},
  publisher={Nature Publishing Group}
}
@article{goltsev2018deep,
  title={Deep profiling of mouse splenic architecture with CODEX multiplexed imaging},
  author={Goltsev, Yury and Samusik, Nikolay and Kennedy-Darling, Julia and Bhate, Salil and Hale, Matthew and Vazquez, Gustavo and Black, Sarah and Nolan, Garry P},
  journal={Cell},
  volume={174},
  number={4},
  pages={968--981},
  year={2018},
  publisher={Elsevier}
}

@article{salmen2018barcoded,
  title={Barcoded solid-phase RNA capture for Spatial Transcriptomics profiling in mammalian tissue sections},
  author={Salmen, Fredrik and St{\aa}hl, Patrik L and Mollbrink, Annelie and Navarro, Jose Fernandez and Vickovic, Sanja and Frisen, Jonas and Lundeberg, Joakim},
  journal={Nature protocols},
  volume={13},
  number={11},
  pages={2501--2534},
  year={2018},
  publisher={Nature Publishing Group}
}

@article{chattopadhyay2014single,
  title={Single-cell technologies for monitoring immune systems},
  author={Chattopadhyay, Pratip K and Gierahn, Todd M and Roederer, Mario and Love, J Christopher},
  journal={Nature immunology},
  volume={15},
  number={2},
  pages={128--135},
  year={2014},
  publisher={Nature Publishing Group}
}
@article{tran2022robust,
  title={A robust experimental and computational analysis framework at multiple resolutions, modalities and coverages},
  author={Tran, M and Yoon, S and Teoh, M and Andersen, S and Lam, PY and Purdue, BW and Raghubar, A and Hanson, SJ and Devitt, K and Jones, K and others},
  journal={Frontiers in immunology},
  pages={4086},
  year={2022},
  publisher={Frontiers}
}

@article{naval2022benchmarking,
  title={Benchmarking of ATAC Sequencing Data From BGI’s Low-Cost DNBSEQ-G400 Instrument for Identification of Open and Occupied Chromatin Regions},
  author={Naval-Sanchez, Marina and Deshpande, Nikita and Tran, Minh and Zhang, Jingyu and Alhomrani, Majid and Alsanie, Walaa and Nguyen, Quan and Nefzger, Christian M},
  journal={Frontiers in Molecular Biosciences},
  volume={9},
  year={2022},
  publisher={Frontiers Media SA}
}