@article{gale1996eph,
  title={Eph receptors and ligands comprise two major specificity subclasses and are reciprocally compartmentalized during embryogenesis},
  author={Gale, Nicholas W and Holland, Sacha J and Valenzuela, David M and Flenniken, Ann and Pan, Li and Ryan, Terrence E and Henkemeyer, Mark and Strebhardt, Klaus and Hirai, Hisamaru and Wilkinson, David G and others},
  journal={Neuron},
  volume={17},
  number={1},
  pages={9--19},
  year={1996},
  publisher={Elsevier}
}

@article{eichmann1997ligand,
  title={Ligand-dependent development of the endothelial and hemopoietic lineages from embryonic mesodermal cells expressing vascular endothelial growth factor receptor 2},
  author={Eichmann, Anne and Corbel, Catherine and Nataf, Val{\'e}rie and Vaigot, Pierre and Br{\'e}ant, Christiane and Le Douarin, Nicole M},
  journal={Proceedings of the National Academy of Sciences},
  volume={94},
  number={10},
  pages={5141--5146},
  year={1997},
  publisher={National Acad Sciences}
}

@book{bartee2018principles,
  title={Principles of Biology},
  author={Lisa, Bartee and Walter, Shriner and Catherine, Creech},
  year={2018},
  publisher={Open Oregon Educational Resources}
}

@book{alberts2018molecular,
  added-at = {2009-06-03T11:20:58.000+0200},
  author = {Alberts, B. and Bray, D. and Lewis, J. and Raff, M. and Roberts, K. and Watson, J.D.},
  biburl = {https://www.bibsonomy.org/bibtex/2b4b73b7568860a064b66c8259bbe0364/hake},
  description = {The whole bibliography file I use.},
  edition = {4th},
  interhash = {9f461caa204502d6eab599206850babd},
  intrahash = {b4b73b7568860a064b66c8259bbe0364},
  keywords = {imported},
  publisher = {Garland},
  timestamp = {2009-06-03T11:20:58.000+0200},
  title = {{Molecular Biology of the Cell}},
  year = 2002
}